=LDR  01509cam a2200325 c 4500
=001  990000317474702202
=005  20230223135639.0
=007  cr||||||||||||
=007  ta
=008  130523s1999\\\\no#||||j\|||||000|1|nob|\
=020  \\$a8252532071$qib.
=020  \\$z8252562167$qib.
=020  \\$z9788252562163$qib.
=041  1\$heng
=080  \\$a820
=082  74$a823$qNO-OsNB$24/nor
=100  1\$aDahl, Roald$d1916-1990$0(NO-TrBIB)90064099$1http://viaf.org/viaf/108159131$4http://rdaregistry.info/Elements/w/object/P10061
=240  04$aThe BFG$1http://viaf.org/viaf/2146462613527772337
=245  10$aSVK$cRoald Dahl ; oversatt av Tor Edvin Dahl ; illustrert av Quentin Blake
=246  1\$aThe BFG$iOriginaltittel
=260  \\$a[Oslo]$bBokklubbens barn$c1999
=300  \\$a206 s.$bill.
=336  \\$atext$2rdacontent$0http://rdaregistry.info/termList/RDAContentType/1020
=337  \\$aunmediated$2rdamedia$0http://rdaregistry.info/termList/RDAMediaType/1007
=338  \\$avolume$2rdacarrier$0http://rdaregistry.info/termList/RDACarrierType/1049
=500  \\$a1. norske utg. Oslo : Gyldendal, 1984
=500  \\$aNytt oppl. 2006 med galt ISBN
=500  \\$aOpplagshistorikk: Denne utg., [Nytt oppl.] 2001; [Nytt oppl.] 2006
=700  1\$aBlake, Quentin$d1932-$4ill$0(NO-TrBIB)90545185$1http://viaf.org/viaf/108680806$4http://rdaregistry.info/Elements/m/object/P30321
=700  1\$aDahl, Tor Edvin$d1943-$4trl$0(NO-TrBIB)90053783$1http://viaf.org/viaf/115456625$4http://rdaregistry.info/Elements/e/object/P20037

