=LDR  01480cim a2200277 c 4500
=001  990003038444702202
=005  20230313081004.0
=007  sd\f||||||||||
=008  150625s2000\\\\no#||||j|||||||f#|||nob|\
=020  \\$a8242108862$qliten eske$cNkr 168.00
=020  \\$a8242109729$qstor eske$cNkr 168.00
=041  1\$heng$dnob
=082  74$a823$qNO-OsNB$24/nor
=100  1\$aDahl, Roald$d1916-1990$0(NO-TrBIB)90064099$1http://viaf.org/viaf/108159131$4http://rdaregistry.info/Elements/w/object/P10061
=240  10$aFantastic Mr. Fox$1http://viaf.org/viaf/293613236
=245  14$aDen fantastiske Mikkel Rev$cRoald Dahl ; [oversatt av John Hollen]$h[lydopptak]
=246  1\$aFantastic Mr. Fox$iOriginaltittel
=260  \\$a[Melhus]$bLydbokforl.$c2000
=300  \\$a1 plate (1 t, 15 min)$bdigital$c12 cm, i eske
=336  \\$aspoken word$2rdacontent$0http://rdaregistry.info/termList/RDAContentType/1013
=337  \\$aaudio$2rdamedia$0http://rdaregistry.info/termList/RDAMediaType/1001
=338  \\$aaudio disc$2rdacarrier$0http://rdaregistry.info/termList/RDACarrierType/1004
=500  \\$aLest av Trond Peter Stamsø Munch ; musikk: Hallgeir Rustan
=500  \\$aUtgitt i eske i to formater: 12 x 14 cm og 14 x 14 cm
=700  1\$aHollen, John$4trl$1http://viaf.org/viaf/81320876$4http://rdaregistry.info/Elements/e/object/P20037
=700  1\$aMunch, Trond Peter Stamsø$d1960-$emedarb.$0(NO-TrBIB)90615071$1http://viaf.org/viaf/102357902$4http://rdaregistry.info/Elements/e/object/P20022

