=LDR  01416cam a2200325 c 4500
=001  990007131124702202
=005  20230531121631.0
=007  cr||||||||||||
=007  ta
=008  151021s2000\\\\no#||||j\|||||000|0anob|\
=020  \\$a8247806495$qib.$cNkr 198.00
=041  1\$heng
=080  \\$a820
=082  74$a823$qNO-OsNB$24/nor
=100  1\$aDahl, Roald$1http://viaf.org/viaf/108159131$4http://rdaregistry.info/Elements/w/object/P10061
=240  10$aBoy$1http://viaf.org/viaf/5912147270702335700001
=245  10$aGutt :$bfortellinger fra bar[n]dommen$cRoald Dahl ; oversatt av Tor Edvin Dahl ; [vignetter: Quentin Blake]
=246  1\$aBoy$iOriginaltittel
=250  \\$a3. utg.
=260  \\$a[Oslo]$bGyldendal Tiden$c2000
=300  \\$a211 s.$bill.
=336  \\$atext$2rdacontent$0http://rdaregistry.info/termList/RDAContentType/1020
=337  \\$aunmediated$2rdamedia$0http://rdaregistry.info/termList/RDAMediaType/1007
=338  \\$avolume$2rdacarrier$0http://rdaregistry.info/termList/RDACarrierType/1049
=490  1\$a10:12
=500  \\$a1. norske utg. Oslo : Gyldendal, 1986
=600  14$aDahl, Roald
=700  1\$aBlake, Quentin$d1932-$4ill$0(NO-TrBIB)90545185$1http://viaf.org/viaf/108680806$4http://rdaregistry.info/Elements/m/object/P30321
=700  1\$aDahl, Tor Edvin$d1943-$4trl$0(NO-TrBIB)90053783$1http://viaf.org/viaf/115456625$4http://rdaregistry.info/Elements/e/object/P20037
=740  0\$aGutt

