=LDR  01413cam a2200277 c 4500
=001  990010287404702202
=005  20230313123231.0
=007  cr||||||||||||
=007  ta
=008  131217s2000\\\\no#|||||\|||||000|1|nob|\
=020  \\$a8292069046$qib.$cNkr 250.00
=041  1\$heng
=080  \\$a820
=082  74$a823$qNO-OsNB$24/nor
=083  7\$a741.6$qNO-OsNB$24/nor
=100  1\$aDahl, Roald$d1916-1990$0(NO-TrBIB)90064099$1http://viaf.org/viaf/108159131$4http://rdaregistry.info/Elements/w/object/P10061
=240  04$aThe Mildenhall treasure$1http://viaf.org/viaf/themildenhall_eksempel$1https://www.wikidata.org/wiki/Q7751409
=245  10$aMildenhall-skatten$cRoald Dahl ; illustrert av Ralph Steadman ; [til norsk ved Einar Chr. Erlingsen]
=246  1\$aThe Mildenhall treasure$iOriginaltittel
=260  \\$a[Tønsberg]$bKulturhistorisk forl.$c[2000?]
=300  \\$a78 s.$bill.$c30 cm
=336  \\$atext$2rdacontent$0http://rdaregistry.info/termList/RDAContentType/1020
=337  \\$aunmediated$2rdamedia$0http://rdaregistry.info/termList/RDAMediaType/1007
=338  \\$avolume$2rdacarrier$0http://rdaregistry.info/termList/RDACarrierType/1049
=700  1\$aErlingsen, Einar Chr.$4trl$1http://viaf.org/viaf/43828761$4http://rdaregistry.info/Elements/e/object/P20037
=700  1\$aSteadman, Ralph$d1936-$eillustr.$0(NO-TrBIB)90117155$1http://viaf.org/viaf/103610475$4http://rdaregistry.info/Elements/m/object/P30321

