=LDR  01326cim a2200265 c 4500
=001  990515007954702202
=005  20230313081118.0
=007  sd\f||||||||||
=008  130412s2005\\\\no#||||j|||||||f#|||nob|\
=020  \\$a8242117802$cNkr 199.00
=041  1\$heng$dnob
=082  74$a823$qNO-OsNB$25/nor
=083  7\$a823$qNO-OsNB$25/nor
=100  1\$aDahl, Roald$d1916-1990$0(NO-TrBIB)90064099$1http://viaf.org/viaf/108159131$4http://rdaregistry.info/Elements/w/object/P10061
=240  10$aEsio Trot$1http://viaf.org/viaf/7359148269746005230000
=245  10$aEddap Liks$cRoald Dahl ; oversatt av Tor Edvin Dahl$h[lydopptak]
=246  1\$aEsio Trot$iOriginaltittel
=260  \\$a[Melhus]$bLydbokforl.$c2005
=300  \\$a1 plate (CD)(34 min)$bdigital$c12 cm ; i eske
=336  \\$aspoken word$2rdacontent$0http://rdaregistry.info/termList/RDAContentType/1013
=337  \\$aaudio$2rdamedia$0http://rdaregistry.info/termList/RDAMediaType/1001
=338  \\$aaudio disc$2rdacarrier$0http://rdaregistry.info/termList/RDACarrierType/1004
=500  \\$aLest av Terje Strømdahl
=700  1\$aDahl, Tor Edvin$4trl$1http://viaf.org/viaf/115456625$4http://rdaregistry.info/Elements/e/object/P20037
=700  1\$aStrømdahl, Terje$d1952-$emedarb.$0(NO-TrBIB)90616142$1http://viaf.org/viaf/297058820$4http://rdaregistry.info/Elements/e/object/P20022

