=LDR  01362pam a22002891i 4500
=001  020751592
=003  Uk
=005  20230102022720.0
=006  m\\\\||\\d\|\\\\\\
=007  cr\|||||||||||
=008  220916r20221978enka\\\jo\\\\\000|f|eng|d
=020  \\$a9780241635254 (ePub ebook) :$c£6.99
=037  \\$aPenguinRandomHouseUK797109$bIngram Content Group
=082  04$a823.914$223
=100  1\$aDahl, Roald,$eauthor.$1http://viaf.org/viaf/108159131$4http://rdaregistry.info/Elements/w/object/P10061
=240  04$aThe enormous crocodile$1http://viaf.org/viaf/184281139
=245  14$aThe enormous crocodile /$cRoald Dahl ; illustrated by Quentin Blake.
=264  \1$aLondon :$bPuffin,$c2022.
=300  \\$a1 online resource :$billustrations (colour)
=336  \\$astill image$2rdacontent
=336  \\$atext$2rdacontent$0http://rdaregistry.info/termList/RDAContentType/1020
=337  \\$acomputer$2rdamedia$0http://rdaregistry.info/termList/RDAMediaType/1003
=338  \\$aonline resource$2rdacarrier$0http://rdaregistry.info/termList/RDACarrierType/1018
=500  \\$aPreviously issued in print: London: Jonathan Cape, 1978.
=588  \\$aDescription based on CIP data; resource not viewed.
=700  1\$aBlake, Quentin,$eillustrator.$1https://isni.org/isni/0000000121037484$4http://rdaregistry.info/Elements/m/object/P30321
=776  08$iPrint version :$z9780141369303

