=LDR  00961nam a22002295i 4500
=001  018511207
=003  Uk
=005  20190208203737.0
=006  m\\\\||\\d\|\\\\\\
=007  cr\|||||||||||
=008  170911s2012\\\\xxk||||go\\\\||||\||eng\\
=020  \\$a1405911034$qEPUB
=020  \\$a9781405911030$qEPUB
=037  \\$aPenguinGroup303128$bIngram Content Group
=100  1\$aDahl, Roald,$eauthor.$1http://viaf.org/viaf/108159131$4http://rdaregistry.info/Elements/w/object/P10061
=240  10$aLamb to the Slaughter$1http://viaf.org/viaf/1317165450330727100007
=245  10$aLamb to the Slaughter (A Roald Dahl Short Story) /$cRoald Dahl.
=264  \1$aLondon :$bPenguin,$c2012.
=300  \\$a1 online resource.
=336  \\$atext$2rdacontent$0http://rdaregistry.info/termList/RDAContentType/1020
=337  \\$acomputer$2rdamedia$0http://rdaregistry.info/termList/RDAMediaType/1003
=338  \\$aonline resource$2rdacarrier$0http://rdaregistry.info/termList/RDACarrierType/1018

