=LDR  01988cim a2200313 c 4500
=001  990413397464702202
=005  20230303114023.0
=007  sd\f||||||||||
=008  150507s2004\\\\no#||||j|||||||f#|||nob|\
=020  \\$a8242111685$cNkr 269.00
=041  1\$heng$dnob
=082  74$a791.447$qNO-OsNB$25/nor
=100  1\$aDahl, Roald$d1916-1990$0(NO-TrBIB)90064099$1http://viaf.org/viaf/108159131$4http://rdaregistry.info/Elements/w/object/P10061
=240  10$aJames and the giant peach$1http://viaf.org/viaf/2414154387172830970000
=245  10$aVerdens største fersken$cRoald Dahl ; komponist Geir Holmsen ; regi og instruksjon Berit Nermoen, oversatt av Axel S. Seeberg$h[lydopptak]
=246  1\$aJames and the giant peach$iOriginaltittel
=260  \\$a[Oslo]$bNRK lydbokforl.$bNRK Barnetimen for de minste$c2004
=300  \\$a2 plater (CD) (2 t, 23 min)$bdigital$c12 cm, i eske
=336  \\$aspoken word$2rdacontent$0http://rdaregistry.info/termList/RDAContentType/1013
=337  \\$aaudio$2rdamedia$0http://rdaregistry.info/termList/RDAMediaType/1001
=338  \\$aaudio disc$2rdacarrier$0http://rdaregistry.info/termList/RDACarrierType/1004
=490  1\$aBarnetimen for de minste
=500  \\$aDe som er med: Nils Ole Oftebro ... et al. ; musikere Morten Reppesgård ... et al.
=700  1\$aHolmsen, Geir$d1956-$emedarb.$0(NO-TrBIB)90599411$1http://viaf.org/viaf/230582811$4http://rdaregistry.info/Elements/m/object/P30311$4http://rdaregistry.info/Elements/w/object/P10442
=700  1\$aNermoen, Berit$d1963-$emedarb.$0(NO-TrBIB)2069373$1http://viaf.org/viaf/228394562$4http://rdaregistry.info/Elements/e/object/P20035
=700  1\$aOftebro, Nils Ole$d1944-$emedarb.$0(NO-TrBIB)90605327$1http://viaf.org/viaf/226306913$4http://rdaregistry.info/Elements/e/object/P20022
=700  1\$aSeeberg, Axel S.$4trl$1http://viaf.org/viaf/288294356$4http://rdaregistry.info/Elements/e/object/P20037
=710  2\$aBarnetimen for de minste$0(NO-TrBIB)98064115
=830  \0$aBarnetimen for de minste

