=LDR  01354pam a22002891i 4500
=001  018386011
=003  Uk
=005  20170923024340.0
=006  m\\\\||\\d\|\\\\\\
=007  cr\|||||||||||
=008  170613r20161983enka\\\jo\\\\\000|p|eng|d
=020  \\$a9780141378893 (ePub ebook) :$c£6.66
=037  \\$aPenguinGroup445505$bIngram Content Group
=082  04$a821.914$223
=100  1\$aDahl, Roald,$eauthor.$1http://viaf.org/viaf/108159131$4http://rdaregistry.info/Elements/w/object/P10061
=240  10$aDirty beasts$1http://viaf.org/viaf/3646165450338527100001
=245  10$aDirty beasts /$cRoald Dahl ; illustrated by Quentin Blake.
=264  \1$aLondon :$bPuffin,$c2016.
=300  \\$a1 online resource :$billustrations (colour).
=336  \\$astill image$2rdacontent
=336  \\$atext$2rdacontent$0http://rdaregistry.info/termList/RDAContentType/1020
=337  \\$acomputer$2rdamedia$0http://rdaregistry.info/termList/RDAMediaType/1003
=338  \\$aonline resource$2rdacarrier$0http://rdaregistry.info/termList/RDACarrierType/1018
=500  \\$aPreviously issued in print: New York: Farrar, Straus and Giroux, 1983.
=588  \\$aDescription based on CIP data; resource not viewed.
=700  1\$aBlake, Quentin,$eillustrator.$1http://viaf.org/viaf/108680806$4http://rdaregistry.info/Elements/m/object/P30321
=776  08$iPrint version :$z9780141369334

