=LDR  01345cam a2200277 c 4500
=001  990111049024702202
=005  20230303121129.0
=007  cr||||||||||||
=007  ta
=008  131029s2001\\\\no#||||j\|||||000|1|nob|\
=020  \\$a8252542808$qib.
=041  1\$heng
=080  \\$a820
=082  74$a823$qNO-OsNB$24/nor
=100  1\$aDahl, Roald$d1916-1990$0(NO-TrBIB)90064099$1http://viaf.org/viaf/108159131$4http://rdaregistry.info/Elements/w/object/P10061
=240  04$aThe magic finger$1http://viaf.org/viaf/181846148
=245  14$aDen magiske fingeren$cRoald Dahl ; oversatt av Tor Edvin Dahl, illustrert av Quentin Blake
=246  1\$aThe magic finger$iOriginaltittel
=260  \\$a[Oslo]$bBoklubbens barn$c2001
=300  \\$a63 s.$bill.
=336  \\$atext$2rdacontent$0http://rdaregistry.info/termList/RDAContentType/1020
=337  \\$aunmediated$2rdamedia$0http://rdaregistry.info/termList/RDAMediaType/1007
=338  \\$avolume$2rdacarrier$0http://rdaregistry.info/termList/RDACarrierType/1049
=500  \\$a1. norske utg. Oslo : Gyldendal, 1990
=700  1\$aBlake, Quentin$d1932-$eillustr.$4ill$0(NO-TrBIB)90545185$1http://viaf.org/viaf/108680806$4http://rdaregistry.info/Elements/m/object/P30321
=700  1\$aDahl, Tor Edvin$d1943-$4trl$0(NO-TrBIB)90053783$1http://viaf.org/viaf/115456625$4http://rdaregistry.info/Elements/e/object/P20037

