=LDR  01152cam a2200265 c 4500
=001  990214304974702202
=005  20230313093856.0
=007  cr||||||||||||
=007  ta
=008  140313s2002\\\\no#|||||\|||||000|1|nob|\
=020  \\$a8252547672$qib.
=041  1\$heng
=082  74$a823$qNO-OsNB$24/nor
=100  1\$aDahl, Roald$d1916-1990$0(NO-TrBIB)90064099$1http://viaf.org/viaf/108159131$4http://rdaregistry.info/Elements/w/object/P10061
=240  04$aMy uncle Oswald$1http://viaf.org/viaf/308001309
=245  10$aOnkel Oswald$cRoald Dahl ; oversatt av Arne Moen Nesheim
=246  1\$aMy uncle Oswald$iOriginaltittel
=260  \\$a[Oslo]$bDen norske bokklubben$c2002
=300  \\$a230 s.
=336  \\$atext$2rdacontent$0http://rdaregistry.info/termList/RDAContentType/1020
=337  \\$aunmediated$2rdamedia$0http://rdaregistry.info/termList/RDAMediaType/1007
=338  \\$avolume$2rdacarrier$0http://rdaregistry.info/termList/RDACarrierType/1049
=500  \\$a1. norske utg. Oslo : Gyldendal, 1980
=500  \\$aUtgitt som månedens bok
=700  1\$aNesheim, Arne Moen$4trl$1http://viaf.org/viaf/229550672$4http://rdaregistry.info/Elements/e/object/P20037

