=LDR  01328cam a2200289 c 4500
=001  990417196974702202
=005  20230531150521.0
=007  cr||||||||||||
=007  ta
=008  130305s2004\\\\no#||||j\|||||000|f|nob|\
=020  \\$a8205327874$qib.$cNkr 199.00
=041  1\$heng
=080  \\$a820
=082  74$a823$qNO-OsNB$25/nor
=100  1\$aDahl, Roald$d1916-1990$0(NO-TrBIB)90064099$1http://viaf.org/viaf/108159131$4http://rdaregistry.info/Elements/w/object/P10061
=240  04$aMatilda$1http://viaf.org/viaf/200813669
=245  10$aMatilda$cRoald Dahl ; oversatt av Tor Edvin Dahl ; illustrert av Quentin Blake
=246  1\$aMatilda$iOriginaltittel
=250  \\$a5. utg.
=260  \\$a[Oslo]$bGyldendal$c2004
=300  \\$a221 s.$bill.
=336  \\$atext$2rdacontent$0http://rdaregistry.info/termList/RDAContentType/1020
=337  \\$aunmediated$2rdamedia$0http://rdaregistry.info/termList/RDAMediaType/1007
=338  \\$avolume$2rdacarrier$0http://rdaregistry.info/termList/RDACarrierType/1049
=500  \\$a1. norske utg. 1989
=700  1\$aBlake, Quentin$d1932-$4ill$0(NO-TrBIB)90545185$4ill$1http://viaf.org/viaf/108680806$4http://rdaregistry.info/Elements/m/object/P30321
=700  1\$aDahl, Tor Edvin$d1943-$4trl$0(NO-TrBIB)90053783$4trl$1http://viaf.org/viaf/115456625$4http://rdaregistry.info/Elements/e/object/P20037

