=LDR  01928cim a2200313 c 4500
=001  990418835944702202
=005  20230313081102.0
=007  sd\f||||||||||
=008  131205s2004\\\\no#||||j|||||||f#|||nob|\
=020  \\$a8242114994
=082  74$a791.447$qNO-OsNB$25/nor
=100  1\$aDahl, Roald$d1916-1990$0(NO-TrBIB)90064099$1http://viaf.org/viaf/108159131$4http://rdaregistry.info/Elements/w/object/P10061
=240  04$aMatilda$1http://viaf.org/viaf/200813669
=245  10$aMatilda$cav Roald Dahl ; [dramatisert av Klaus Hagerup ; produsent Helge Andersen ; regi Svein Scharffenberg]$h[lydopptak]
=260  \\$a[Melhus]$a[Oslo]$bNRK lydbokforl.$bNRK radioteatret$c2004
=300  \\$a2 plater (CD) (1 t, 58 min)$bdigital$c12 cm i eske
=336  \\$aspoken word$2rdacontent$0http://rdaregistry.info/termList/RDAContentType/1013
=337  \\$aaudio$2rdamedia$0http://rdaregistry.info/termList/RDAMediaType/1001
=338  \\$aaudio disc$2rdacarrier$0http://rdaregistry.info/termList/RDACarrierType/1004
=490  1\$aHørespill fra Lørdagsbarnetimen
=500  \\$aI rollene: Ellen Sofie Mosebekk ... [et al.]
=500  \\$aProdusert i NRK 1994
=700  1\$aAndersen, Helge$d1943-$emedarb.$0(NO-TrBIB)99055386$1http://viaf.org/viaf/71446114$4http://www.rdaregistry.info/Elements/w/object/#P10064
=700  1\$aHagerup, Klaus$d1946-2018$emedarb.$0(NO-TrBIB)90055251$1http://viaf.org/viaf/9884389$4https://www.rdaregistry.info/Elements/e/object/#P20060
=700  1\$aMosebekk, Ellen Sofie$d1982-$emedarb.$0(NO-TrBIB)4092491$1http://viaf.org/viaf/229117289$4https://www.rdaregistry.info/Elements/e/object/#P20384
=700  1\$aScharffenberg, Svein$d1939-2017$emedarb.$0(NO-TrBIB)90322177$1http://viaf.org/viaf/10808875944$4http://www.rdaregistry.info/Elements/w/object/#P10419
=710  2\$aLørdagsbarnetimen$0(NO-TrBIB)6089904
=710  2\$aRadioteatret (Norge)$0(NO-TrBIB)90558042
=830  \0$aHørespill fra Lørdagsbarnetimen

