=LDR  01205cam a2200277 c 4500
=001  990011769784702202
=005  20230313074100.0
=007  cr||||||||||||
=007  ta
=008  130305s2000\\\\no#|||||\|||||000|1|nob|\
=020  \\$a8205275440$qh.$cNkr 79.00
=041  1\$heng
=082  74$a823$qNO-OsNB$24/nor
=100  1\$aDahl, Roald$d1916-1990$0(NO-TrBIB)90064099$1http://viaf.org/viaf/108159131$4http://rdaregistry.info/Elements/w/object/P10061
=240  04$aSomeone like you$1http://viaf.org/viaf/3576165060229332740009
=245  13$aEt hode kortere og andre hårreisende historier$cRoald Dahl ; oversatt av Peter Magnus
=246  1\$aSomeone like you$iOriginaltittel
=250  \\$a8. utg.
=260  \\$aOslo$bGyldendal$c2000
=300  \\$a277 s.
=336  \\$atext$2rdacontent$0http://rdaregistry.info/termList/RDAContentType/1020
=337  \\$aunmediated$2rdamedia$0http://rdaregistry.info/termList/RDAMediaType/1007
=338  \\$avolume$2rdacarrier$0http://rdaregistry.info/termList/RDACarrierType/1049
=500  \\$a1. norske utg. 1955 med tittel: Sånn er vi
=700  1\$aMagnus, Peter$4trl$1http://viaf.org/viaf/229584656$4http://rdaregistry.info/Elements/e/object/P20037
=740  0\$aSånn er vi

