=LDR  01283cam a2200289 c 4500
=001  990007772004702202
=005  20230303111343.0
=007  cr||||||||||||
=007  ta
=008  141217s2000\\\\no#|||||\|||||000|1|nob|\
=020  \\$a8205270120$qh.$cNkr 79.00
=041  1\$heng
=080  \\$a820
=082  74$a823$qNO-OsNB$24/nor
=100  1\$aDahl, Roald$d1916-1990$1http://viaf.org/viaf/108159131$4http://rdaregistry.info/Elements/w/object/P10061
=240  04$aThe wonderful story of Henry Sugar and six more$1http://viaf.org/viaf/309343708
=245  14$aDen fantastiske historien om Henry Sugar og seks andre$cRoald Dahl ; oversatt av Tor Edvin Dahl
=246  1\$aThe wonderful story of Henry Sugar and six more$iOriginaltittel
=250  \\$a2. utg.
=260  \\$a[Oslo]$bGyldendal$c2000
=300  \\$a194 s.
=336  \\$atext$2rdacontent$0http://rdaregistry.info/termList/RDAContentType/1020
=337  \\$aunmediated$2rdamedia$0http://rdaregistry.info/termList/RDAMediaType/1007
=338  \\$avolume$2rdacarrier$0http://rdaregistry.info/termList/RDACarrierType/1049
=500  \\$a1. norske utg. 1989
=700  1\$aDahl, Tor Edvin$4trl$1http://viaf.org/viaf/115456625$4http://rdaregistry.info/Elements/e/object/P20037
=740  4\$aDen fantastiske historien om Henry Sugar og 6 andre

