=LDR  01652cam a2200301 c 4500
=001  999113108004702202
=005  20230312182548.0
=007  cr||||||||||||
=007  ta
=008  150727s1991\\\\no#|||||\|||||000|0|nob|d
=020  \\$a8205202028$qib.$cNkr 336.00
=020  \\$a8257408697$qib.
=041  1\$heng
=080  \\$a641.5
=082  74$a641.5$qNO-OsNB$24/nor
=082  74$a641.5942$qNO-OsNB$24/nor
=100  1\$aDahl, Roald$d1916-1990$0(NO-TrBIB)90064099$1http://viaf.org/viaf/108159131$4http://rdaregistry.info/Elements/w/object/P10061
=240  04$aMemories with food at Gipsy house$1http://viaf.org/viaf/2687163939444101160007
=245  10$aI Roald Dahls kjøkken$cRoald og Felicity Dahl ; fotografering: Jan Baldwin ; oversatt av Tor Edvin Dahl ; oppskriftene er oversatt og tilrettelagt for norske forhold av Ingeborg Thomassen
=246  1\$aMemories with food at gipsy house$iOriginaltittel
=260  \\$aOslo$bGyldendal$c1991
=300  \\$a239 s.$bill.$c26 cm
=336  \\$atext$2rdacontent$0http://rdaregistry.info/termList/RDAContentType/1020
=337  \\$aunmediated$2rdamedia$0http://rdaregistry.info/termList/RDAMediaType/1007
=338  \\$avolume$2rdacarrier$0http://rdaregistry.info/termList/RDACarrierType/1049
=700  1\$aDahl, Felicity$0(NO-TrBIB)90556877$1http://viaf.org/viaf/21455678$4http://rdaregistry.info/Elements/w/object/P10061
=700  1\$aDahl, Tor Edvin$d1943-$4trl$0(NO-TrBIB)90053783$1http://viaf.org/viaf/115456625$4http://rdaregistry.info/Elements/e/object/P20037
=700  1\$aThomassen, Ingeborg$d1942-$4trl$0(NO-TrBIB)90101802$1http://viaf.org/viaf/228898095$4http://rdaregistry.info/Elements/e/object/P20119

