=LDR  01288pam a2200265 i 4500
=001  018365221
=003  Uk
=005  20180821155952.0
=008  170410s2017\\\\enka\\\j\\\\\\000|d|eng|d
=016  7\$a018365221$2Uk
=020  \\$a9780141374260 (pbk.) :$c£7.99
=082  04$a822.92$223
=100  1\$aGeorge, Richard R.,$eauthor.$1http://viaf.org/viaf/65832772$4http://rdaregistry.info/Elements/w/object/P10203
=240  04$aCharlie and the chocolate factory:$bthe play$1http://viaf.org/viaf/187061730/play
=245  10$aCharlie and the chocolate factory :$bthe play /$cRoald Dahl ; adapted by Richard George ; introduction by Roald Dahl.
=246  30$aCharlie and the chocolate factory
=264  \1$aLondon :$bPuffin,$c2017.
=300  \\$a76 pages :$billustrations ;$c20 cm
=336  \\$atext$2rdacontent$0http://rdaregistry.info/termList/RDAContentType/1020
=337  \\$aunmediated$2rdamedia$0http://rdaregistry.info/termList/RDAMediaType/1007
=338  \\$avolume$2rdacarrier$0http://rdaregistry.info/termList/RDACarrierType/1049
=500  \\$aFormerly CIP.$5Uk
=600  10$aBucket, Charlie$c(Fictitious character)$vJuvenile drama.
=600  10$aWonka, Willy$c(Fictitious character)$vJuvenile drama.
=700  1\$aDahl, Roald.$1http://viaf.org/viaf/108159131$tCharlie and the chocolate factory.

