=LDR  01325cam a2200277 c 4500
=001  990109178704702202
=005  20230313074148.0
=007  cr||||||||||||
=007  ta
=008  130305s2001\\\\no#|||||\|||||000|1|nob|\
=020  \\$a8205278385$qh.$cNkr 79.00
=041  1\$heng
=082  74$a823$qNO-OsNB$24/nor
=100  1\$aDahl, Roald$d1916-1990$0(NO-TrBIB)90064099$1http://viaf.org/viaf/108159131$4http://rdaregistry.info/Elements/w/object/P10061
=240  04$aOver to you$1https://en.wikipedia.org/wiki/Over_to_You:_Ten_Stories_of_Flyers_and_Flying
=245  10$aOver og ut :$bti historier om flyvere og flyvning$cRoald Dahl ; oversatt av Daisy Schjelderup og Sigmund Hoftun
=246  1\$aOver to you$iOriginaltittel
=250  \\$a2. utg.
=260  \\$a[Oslo]$bGyldendal$c2001
=300  \\$a146 s.
=336  \\$atext$2rdacontent$0http://rdaregistry.info/termList/RDAContentType/1020
=337  \\$aunmediated$2rdamedia$0http://rdaregistry.info/termList/RDAMediaType/1007
=338  \\$avolume$2rdacarrier$0http://rdaregistry.info/termList/RDACarrierType/1049
=500  \\$a1. norske utg. 1975
=700  1\$aHoftun, Sigmund$4trl$1http://viaf.org/viaf/143836470$4http://rdaregistry.info/Elements/e/object/P20037
=700  1\$aSchjelderup, Daisy$4trl$1http://viaf.org/viaf/13603894$4http://rdaregistry.info/Elements/e/object/P20037

