=LDR  01466cam a2200289 c 4500
=001  990009171684702202
=005  20230313082932.0
=007  cr||||||||||||
=007  ta
=008  150629s2000\\\\no#||||j\|||||000|1|nob|\
=020  \\$a8247804484$qib.$qGyldendal Tiden$cNkr 229.00
=020  \\$a8252542654$qib.$qBokklubbens barn
=041  1\$heng
=080  \\$a820
=082  74$a823$qNO-OsNB$24/nor
=100  1\$aDahl, Roald$d1916-1990$0(NO-TrBIB)90064099$1http://viaf.org/viaf/108159131$4http://rdaregistry.info/Elements/w/object/P10061
=240  \\$aCharlie and the chocolate factory$1http://viaf.org/viaf/187061730
=245  10$aCharlie og sjokoladefabrikken$cRoald Dahl ; illustrert av Quentin Blake ; oversatt av Oddmund Ljone
=246  1\$aCharlie and the chocolate factory$iOriginaltittel
=250  \\$a4. utg. [i.e. 6. utg.]
=260  \\$a[Oslo]$bGyldendal Tiden$c2000
=300  \\$a121 s.$bill.$c27 cm
=336  \\$atext$2rdacontent$0http://rdaregistry.info/termList/RDAContentType/1020
=337  \\$aunmediated$2rdamedia$0http://rdaregistry.info/termList/RDAMediaType/1007
=338  \\$avolume$2rdacarrier$0http://rdaregistry.info/termList/RDACarrierType/1049
=700  1\$aBlake, Quentin$d1932-$4ill$0(NO-TrBIB)90545185$1http://viaf.org/viaf/108680806$4http://rdaregistry.info/Elements/m/object/P30321
=700  1\$aLjone, Oddmund$d1917-1985$4trl$0(NO-TrBIB)10056021$1http://viaf.org/viaf/2972149068615565730006$4http://rdaregistry.info/Elements/e/object/P20037

