=LDR  01472cim a2200277 c 4500
=001  991004808704702202
=005  20230308082855.0
=007  sd\f||||||||||
=008  150327s2010\\\\no#||||j|||||||f#|||nob|\
=020  \\$a9788242148001$cNkr 299.00
=041  1\$heng$dnob
=082  74$a823$qNO-OsNB$25/nor
=100  1\$aDahl, Roald$d1916-1990$0(NO-TrBIB)90064099$1http://viaf.org/viaf/108159131$4http://rdaregistry.info/Elements/w/object/P10061
=240  \\$aCharlie and the chocolate factory$1http://viaf.org/viaf/187061730
=245  10$aCharlie og sjokoladefabrikken$cRoald Dahl ; [oversatt av Oddmund Ljone]$h[lydopptak]
=246  1\$aCharlie and the chocolate factory$iOriginaltittel
=260  \\$a[Melhus]$bLydbokforl.$c2010
=300  \\$a3 plater (CD) (3 t, 33 min)$bdigital$c12 cm, i eske
=336  \\$aspoken word$2rdacontent$0http://rdaregistry.info/termList/RDAContentType/1013
=337  \\$aaudio$2rdamedia$0http://rdaregistry.info/termList/RDAMediaType/1001
=338  \\$aaudio disc$2rdacarrier$0http://rdaregistry.info/termList/RDACarrierType/1004
=500  \\$a1. norske lydbokutg. Oslo : Gyldendal, 1989
=500  \\$aLest av Espen Beranek Holm
=500  \\$aPå esken: Barn; fra 6 år
=700  1\$aHolm, Espen Beranek$d1960-$emedarb.$0(NO-TrBIB)3049423$1http://viaf.org/viaf/226788912$4http://rdaregistry.info/Elements/e/object/P20022
=700  1\$aLjone, Oddmund$4trl$1http://viaf.org/viaf/2972149068615565730006$4http://rdaregistry.info/Elements/e/object/P20037

