=LDR  01533cam a2200229 c 4500
=001  999621289104702202
=005  20170124092805.0
=007  ta
=008  130305s1996\\\\xx#|||||||||||000|u|eng|\
=100  1\$aSørbø, Marie Nedregotten$d1955-$0(NO-TrBIB)90724506$1http://viaf.org/viaf/227309775$4http://rdaregistry.info/Elements/w/object/P10061
=240  \\$aFrom Dante to Dahl : or Out of the inferno into the Chocolate factory : a note on Roald Dahl's roots in literary traditions
=245  10$aFrom Dante to Dahl :$bor Out of the inferno into the Chocolate factory : a note on Roald Dahl's roots in literary traditions$cMarie Nedregotten Sørbø
=260  \\$aVolda$bHøgskulen i Volda$bMøreforsking Volda$c1996
=300  \\$a25 s.
=336  \\$atext$2rdacontent$0http://rdaregistry.info/termList/RDAContentType/1020
=337  \\$aunmediated$2rdamedia$0http://rdaregistry.info/termList/RDAMediaType/1007
=338  \\$avolume$2rdacarrier$0http://rdaregistry.info/termList/RDACarrierType/1049
=490  1\$aNotat / Høgskulen i Volda [og] Møreforsking Volda$v14/96
=500  \\$a""from Dante to Dahl" is a revised and expanded version of a paper that was originally read to the Tromsø-conference of the Nordic Association for English studies in May 1995" - Omslaget
=600  17$aDahl, Roald$d1916-1990$tCharlie og sjokoladefabrikken$0(NO-TrBIB)90064099$2bare$1http://viaf.org/viaf/187061730
=740  0\$aOut of the Inferno into the Chocolate factory
=830  \0$aNotat (Høgskulen i Volda : trykt utg.)$x0805-8075$v14/96$w999509819234702201

