=LDR  01428nam a22002297c 4500
=001  999920041997802202
=005  20230601133606.0
=007  ta
=008  200124s2019\\\\no\\\\\|\|||||00||0\nno|\
=020  \\$qheftet
=240  \\$aCharlie and the chocolate factory$1http://viaf.org/viaf/187061730
=245  00$aCharlie og sjokoladefabrikken$bav Roald Dahl$cRedaktører: Ingrid Weme, Vidar Magnussen, Maia Strand ...[et al.]
=260  \\$aOslo$bDet norske teatret$c2019
=300  \\$a55 sider$billustrasjoner i farger
=336  \\$atext$2rdacontent$0http://rdaregistry.info/termList/RDAContentType/1020
=337  \\$aunmediated$2rdamedia$0http://rdaregistry.info/termList/RDAMediaType/1007
=338  \\$avolume$2rdacarrier$0http://rdaregistry.info/termList/RDACarrierType/1049
=500  \\$aNorgespremiere: Hovudscenen 9. november 2019
=700  1\$aMichaelsen, Ida Marie$d1968-$0(NO-TrBIB)90864373$4edt$1http://viaf.org/viaf/100145970333332252616$4http://rdaregistry.info/Elements/e/object/P20330
=700  1\$aRedalen, Guro$d1979-$0(NO-TrBIB)4042944$4edt$1http://viaf.org/viaf/8147904913579090228$4http://rdaregistry.info/Elements/e/object/P20330
=700  1\$aTorp, Åsne Dahl$d1980-$0(NO-TrBIB)8023840$4edt$1http://viaf.org/viaf/137145969949632250343$4http://rdaregistry.info/Elements/e/object/P20330
=710  2\$aDet Norske teatret$0(NO-TrBIB)90061105$4pbl$1http://viaf.org/viaf/221317102$4http://rdaregistry.info/Elements/m/object/P30083

