=LDR  01915cim a2200337 c 4500
=001  991025046794702202
=005  20230313134305.0
=007  cz||||||||||||
=007  s|\|||||||||||
=008  130305s2010\\\\no#||||j|||||||f#|||nob|\
=020  \\$a9788242150264$cNkr 399.00
=041  1\$heng$dnob
=082  74$a823$qNO-OsNB$25/nor
=100  1\$aDahl, Roald$d1916-1990$0(NO-TrBIB)90064099$1http://viaf.org/viaf/108159131$4http://rdaregistry.info/Elements/w/object/P10061
=240  \\$aCharlie and the chocolate factory$1http://viaf.org/viaf/187061730
=240  \\$aCharlie and the great glass elevator$1http://viaf.org/viaf/309279222
=245  10$aCharlie og sjokoladefabrikken ; Charlie og den store glassheisen$cRoald Dahl ; [oversatt av [henholdsvis] Oddmund Ljone [og] Tor Edvin  Dahl]$h[lydopptak]
=246  1\$aCharlie and the chocolate factory$iOriginaltittel
=246  1\$aCharlie and the great glass elevator$iOriginaltittel
=260  \\$a[Melhus]$bLydbokforl.$c2010
=300  \\$a1 digikort (6 t, 48 min)$c8 cm, i eske
=336  \\$aspoken word$2rdacontent$0http://rdaregistry.info/termList/RDAContentType/1013
=337  \\$aaudio$2rdamedia$0http://rdaregistry.info/termList/RDAMediaType/1001
=338  \\$aaudio disc$2rdacarrier$0http://rdaregistry.info/termList/RDACarrierType/1004
=500  \\$a1. norske lydbokutgave henholdsvis Oslo : Gyldendal, 1989 og Lydbokforl., 2003
=500  \\$aKan kun brukes i digispiller
=500  \\$aLest av Espen Beranek Holm
=700  1\$aDahl, Tor Edvin$4trl$1http://viaf.org/viaf/115456625$4http://rdaregistry.info/Elements/e/object/P20037
=700  1\$aHolm, Espen Beranek$d1960-$emedarb.$0(NO-TrBIB)3049423$1http://viaf.org/viaf/226788912$4http://rdaregistry.info/Elements/e/object/P20022
=700  1\$aLjone, Oddmund$4trl$1http://viaf.org/viaf/2972149068615565730006$4http://rdaregistry.info/Elements/e/object/P20037
=740  0\$aCharlie og den store glassheisen

