=LDR  01467cam a2200253 c 4500
=001  991215478844702202
=005  20230313093850.0
=007  ta
=008  130826s2005\\\\no#||||j||||||000|u|nob|d
=020  \\$a8252542794$qib.
=041  1\$heng
=100  1\$aDahl, Roald$d1916-1990$0(NO-TrBIB)90064099$1http://viaf.org/viaf/108159131$4http://rdaregistry.info/Elements/w/object/P10061
=240  \\$aCharlie and the great glass elevator$1http://viaf.org/viaf/309279222
=245  10$aCharlie og den store glassheisen$cRoald Dahl ; oversatt av Tor Edvin Dahl ; illustrert av Quentin Blake
=246  1\$aCharlie and the great glass elevator$iOriginaltittel
=260  \\$a[Oslo]$bBoklubbens barn$c2005
=300  \\$a169 s.$bill.
=336  \\$atext$2rdacontent$0http://rdaregistry.info/termList/RDAContentType/1020
=337  \\$aunmediated$2rdamedia$0http://rdaregistry.info/termList/RDAMediaType/1007
=338  \\$avolume$2rdacarrier$0http://rdaregistry.info/termList/RDACarrierType/1049
=700  1\$aBlake, Quentin$d1932-$4ill$0(NO-TrBIB)90545185$1http://viaf.org/viaf/108680806$4http://rdaregistry.info/Elements/m/object/P30321
=700  1\$aDahl, Tor Edvin$d1943-$4trl$0(NO-TrBIB)90053783$1http://viaf.org/viaf/115456625$4http://rdaregistry.info/Elements/e/object/P20037 
=700  1\$aSkjolde, Line,$d1973-$4bjd$0(NO-TrBIB)10060785$1http://viaf.org/viaf/305139729$4http://rdaregistry.info/Elements/m/object/P30069
=776  0\$tCharlie og den store glassheisen$w991013193804702201

