=LDR  02170cgm a2200385 c 4500
=001  999919999904202202
=005  20160519155656.0
=007  vd\|v||||
=008  150611s2005\\\\xx#||||j||||||####v|mul|d
=020  \\$a7321940593371$qib.
=041  \\$anob$aswe$aeng
=100  1\$aBurton, Tim$d1958-$0(NO-TrBIB)90813024$1http://viaf.org/viaf/100119650$4http://rdaregistry.info/Elements/w/object/P10013
=240  \\$aCharlie and the chocolate factory$1http://viaf.org/viaf/225729138
=245  00$aCharlie og sjokoladefabrikken$cregi: Tim Burton$h[videoopptak]
=246  1\$aCharlie and the chocolate factory$iOriginaltittel
=250  \\$a2 disc special ed.
=260  \\$a[S.l.]$bWarner Bros.$c2005
=300  \\$a2 plater (DVD-video) (110 min)$blyd, kol.
=336  \\$aspoken word$2rdacontent$0http://rdaregistry.info/termList/RDAContentType/1013
=337  \\$aaudio$2rdamedia$0http://rdaregistry.info/termList/RDAMediaType/1001
=338  \\$aaudio disc$2rdacarrier$0http://rdaregistry.info/termList/RDACarrierType/1004
=500  \\$a59337 Z12
=500  \\$aBasert på en roman av Roald Dahl
=500  \\$aEkstramateriale
=500  \\$aFamiliefilm, eventyr. Aldersgrense: 7 år
=500  \\$aMedietilsynet : 57968
=500  \\$aNDVDS59337
=500  \\$aNorsk, svensk, engelsk tale og undertekster
=500  \\$aProduksjon: USA, 2005
=500  \\$aRolleliste: Johnny Depp, Freddie Highmore, David Kelly, Helena Bonham Carter, Noah Taylor, Missi Pyle, James Fox, Deep Roy, Christopher Lee
=700  1\$aBurton, Tim$d1958-$0(NO-TrBIB)90813024$1http://viaf.org/viaf/100119650$4http://rdaregistry.info/Elements/w/object/P10013
=700  1\$aCarter, Helena Bonham$d1966-$0(NO-TrBIB)97010711$1http://viaf.org/viaf/117446205$4http://rdaregistry.info/Elements/e/object/P20012
=700  1\$aDahl, Roald$d1916-1990$0(NO-TrBIB)90064099$1http://viaf.org/viaf/108159131$4http://rdaregistry.info/Elements/w/object/P10061
=700  1\$aDepp, Johnny$d1963-$0(NO-TrBIB)90889880$1http://viaf.org/viaf/85378128$4http://rdaregistry.info/Elements/e/object/P20012
=700  1\$aDahl, Roald$d1916-1990$tCharlie and the chocolate factory$0(NO-TrBIB)90064099$1http://viaf.org/viaf/187061730

