=LDR  02442ncm a2200385 i 4500
=001  018930693
=003  Uk
=005  20230223164749.0
=008  171206s2018\\\\wiumck\\\\\\\\\n\\b\eng\d
=020  \\$a1540012433
=020  \\$a9781540012432
=024  10$a888680716431
=028  32$aHL00251959$bHal Leonard
=082  04$a782.14$223
=100  1\$aShaiman, Marc,$ecomposer,$elyricist.$1http://viaf.org/viaf/19876448$4http://rdaregistry.info/Elements/w/object/P10061$4http://rdaregistry.info/Elements/w/object/P10053$4http://rdaregistry.info/Elements/w/object/P10204
=240  10$aCharlie and the chocolate factory.$kSelections.$sVocal score$1http://viaf.org/viaf/23155411318408940006
=245  10$aCharlie and the chocolate factory :$bthe new musical /$cmusic by Marc Shaiman ; lyrics by Scott Wittman & Marc Shaiman.
=246  1\$iTitle appears on cover as:$aRoald Dahl's Charlie and the chocolate factoy
=250  \\$aBroadway edition.
=250  \\$aPiano/vocal selections.
=264  \1$aMilwaukee, WI :$bHal Leonard,$c[2018]
=300  \\$a1 vocal score (104 pages) ;$c31 cm
=336  \\$anotated music$bntm$2rdacontent$1http://rdaregistry.info/termList/RDAContentType/1010
=337  \\$aunmediated$2rdamedia$0http://rdaregistry.info/termList/RDAMediaType/1007
=338  \\$avolume$2rdacarrier$0http://rdaregistry.info/termList/RDACarrierType/1049
=348  \\$avocal score$2rda
=382  01$asinger$apiano$n1$aguitar$n1$2lcmpt
=382  01$asinger$apiano$n1$pguitar$n1$2lcmpt
=500  \\$a"Standard piano/vocal format with the melody in the piano"--Page 4 of cover.
=500  \\$aFor voices and piano; with chord symbols and guitar chord diagrams.
=500  \\$aTitle from cover.
=505  00$tWilly Wonka! Willy Wonka! --$tA letter from Charlie Bucket --$tMore of him to love --$tWhen Veruca says --$tThe queen of pop --$tWhat could possibly go wrong? --$tIf your father were here --$tI've got a golden ticket/Grandpa Joe --$tIt must be believed to be seen --$tStrike that, reverse it --$tPure imagination --$tWhen Willy met Oompa --$tThe view from here.
=546  \\$bStaff notation;$bChord symbols;$bGuitar chord diagrams.
=700  1\$aWittman, Scott,$elyricist.$1http://viaf.org/viaf/66783567$4http://rdaregistry.info/Elements/w/object/P10061$4http://rdaregistry.info/Elements/w/object/P10204
=700  1\$iMusical theatre adaptation of (work):$aDahl, Roald.$tCharlie and the chocolate factory.$1http://viaf.org/viaf/187061730

