=LDR  01447nam a2200253 a 4500
=001  017359577
=003  Uk
=005  20150514123549.0
=008  110703s2011\\\\enka\\\j\\\\\\000\1\eng\\
=020  \\$a0141328878 (hbk)
=020  \\$a9780141328874 (hbk)
=038  \\$aOCoLC
=082  04$a823.92$223
=100  1\$aDahl, Roald.$1http://viaf.org/viaf/108159131$4http://rdaregistry.info/Elements/w/object/P10061
=240  \\$aCharlie and the chocolate factory$1http://viaf.org/viaf/187061730
=245  10$aCharlie and the chocolate factory pop-up book /$cRoald Dahl ; illustrated by Quentin Blake.
=250  \\$aAbridged pop-up ed.
=260  \\$aLondon :$bPuffin,$c2011.
=300  \\$a1 v. (unpaged) :$bill. (chiefly col.) ;$c29 cm.
=336  \\$atext$2rdacontent$0http://rdaregistry.info/termList/RDAContentType/1020
=337  \\$aunmediated$2rdamedia$0http://rdaregistry.info/termList/RDAMediaType/1007
=338  \\$avolume$2rdacarrier$0http://rdaregistry.info/termList/RDACarrierType/1049
=520  \\$aCharlie Bucket loves chocolate. And Mr Willy Wonka, the wondrous inventor in the world, is opening the gates of his chocolate factory to five lucky children. It's the prize of a lifetime. Gobstoppers, wriggle sweets and a river of melted chocolate delight await. Charlie needs just one Golden Ticket and these delicious treats could be all his...
=700  1\$aBlake, Quentin.$1http://viaf.org/viaf/108680806$4http://rdaregistry.info/Elements/m/object/P30321

