=LDR  01315pam a2200313 i 4500
=001  016773961
=003  Uk
=005  20150929114738.0
=008  140604s2014\\\\enka\\\j\\\\\\000\1\eng\d
=016  7\$a016773961$2Uk
=020  \\$a9780141357317 (pbk.) :$c£14.99
=082  04$a823.914$223
=100  1\$aDahl, Roald,$eauthor.$1http://viaf.org/viaf/108159131$4http://rdaregistry.info/Elements/w/object/P10061
=240  \\$aCharlie and the chocolate factory$1http://viaf.org/viaf/187061730
=245  10$aCharlie and the chocolate factory /$cRoald Dahl.
=264  \1$aLondon :$bPuffin,$c2014.
=300  \\$a146 pages :$billustrations (colour) ;$c27 cm +$e3 CD's
=336  \\$aspoken word$2rdacontent
=336  \\$astill image$2rdacontent
=336  \\$atext$2rdacontent
=337  \\$aaudio$2rdamedia
=337  \\$aunmediated$2rdamedia
=338  \\$aaudio disc$2rdacarrier
=336  \\$aspoken word$2rdacontent$0http://rdaregistry.info/termList/RDAContentType/1013
=337  \\$aaudio$2rdamedia$0http://rdaregistry.info/termList/RDAMediaType/1001
=338  \\$aaudio disc$2rdacarrier$0http://rdaregistry.info/termList/RDACarrierType/1004
=338  \\$avolume$2rdacarrier
=500  \\$aFormerly CIP.$5Uk
=700  1\$aHodge, Douglas,$enarrator.$1http://viaf.org/viaf/95119264$4http://rdaregistry.info/Elements/e/object/P20022

