=LDR  01380aam a2200265 a 4500
=001  015752520
=003  Uk
=005  20111206110512.0
=008  110707s2002\\\\wlka\\\j\\\\\\000\f\wel\c
=016  7\$a015752520$2Uk
=020  \\$a9781904357582 (pbk.)
=041  1\$awel$heng
=082  04$a823.914$223
=100  1\$aDahl, Roald.$1http://viaf.org/viaf/108159131$4http://rdaregistry.info/Elements/w/object/P10061
=240  10$aCharlie and the chocolate factory.$lWelsh$1http://viaf.org/viaf/187061730
=245  10$aCharlie a'r ffatri siocled /$cRoald Dahl ; darluniau gan Quentin Blake ; cyfieithiad gan Elin Meek.
=260  \\$aHengoed :$bRily Publications,$cc2002.
=300  \\$a189 p. :$bill. ;$c20 cm.
=336  \\$atext$2rdacontent$0http://rdaregistry.info/termList/RDAContentType/1020
=337  \\$aunmediated$2rdamedia$0http://rdaregistry.info/termList/RDAMediaType/1007
=338  \\$avolume$2rdacarrier$0http://rdaregistry.info/termList/RDACarrierType/1049
=500  \\$aCyhoeddwyd y fersiwn Saesneg yn wreiddiol = Original English ed. published: 1964.
=546  \\$aAddasiad Cymraeg o = Welsh adaptation of: 'Charlie and the chocolate factory'.
=700  1\$aBlake, Quentin.$4ill$1http://viaf.org/viaf/108680806$4http://rdaregistry.info/Elements/m/object/P30321
=700  1\$aMeek, Elin.$4trl$1http://viaf.org/viaf/28146825540207632770$4http://rdaregistry.info/Elements/e/object/P20037

