=LDR  01137 am a2200253ua 4500
=001  011929667
=005  20091122232900.0
=008  851216r19851964enka\\\j|\\\\\000\1|eng\\
=019  1\$a0140318240
=019  9\$a0140318240
=019  y\$ab8643005
=020  \\$a0140318240 (pbk) :$c£1.75
=039  0\$a1871
=082  04$a823/.914$219
=100  1\$aDahl, Roald.$1http://viaf.org/viaf/108159131$4http://rdaregistry.info/Elements/w/object/P10061
=240  \\$aCharlie and the chocolate factory$1http://viaf.org/viaf/187061730
=245  10$aCharlie and the chocolate factory /$cRoald Dahl ; illustrated by Michael Foreman.
=260  \\$aHarmondsworth :$bPuffin,$c1985, c1964.
=300  \\$a159p. :$bill. ;$c20cm.
=336  \\$atext$2rdacontent$0http://rdaregistry.info/termList/RDAContentType/1020
=337  \\$aunmediated$2rdamedia$0http://rdaregistry.info/termList/RDAMediaType/1007
=338  \\$avolume$2rdacarrier$0http://rdaregistry.info/termList/RDACarrierType/1049
=500  \\$aOriginally published: New York : Knopf, 1964.
=700  1\$aForeman, Michael,$d1938-$1http://viaf.org/viaf/108575368$4http://rdaregistry.info/Elements/m/object/P30321

