=LDR  01041 am a2200241 a 4500
=001  010304378
=003  Uk
=005  20060926083242.0
=008  741013s1967\\\\enka\\\j\\\\\\000\1\eng\\
=019  9\$ab6723747
=019  x\$a0753450135
=019  y\$aB6723747
=082  04$a823.91$218
=100  1\$aDahl, Roald.$1http://viaf.org/viaf/108159131$4http://rdaregistry.info/Elements/w/object/P10061
=240  \\$aCharlie and the chocolate factory$1http://viaf.org/viaf/187061730
=245  10$aCharlie and the chocolate factory /$cillustrated by Faith Jacques.
=260  \\$aLondon :$bAllen & Unwin,$c1967.
=300  \\$a127p. :$bill. ;$c25 cm.
=336  \\$atext$2rdacontent$0http://rdaregistry.info/termList/RDAContentType/1020
=337  \\$aunmediated$2rdamedia$0http://rdaregistry.info/termList/RDAMediaType/1007
=338  \\$avolume$2rdacarrier$0http://rdaregistry.info/termList/RDACarrierType/1049
=500  \\$aOriginally published: Knopf, 1964.
=700  1\$aJaques, Faith.$1http://viaf.org/viaf/79317348$4http://rdaregistry.info/Elements/m/object/P30321

