=LDR  01163 am a2200253ua 4500
=001  011929782
=005  20091122232900.0
=008  870202r19861973enka\\\j|\\\\\000\1|eng\\
=019  1\$a0140320431
=019  9\$a0140320431
=019  y\$ab8706997
=020  \\$a0140320431 (pbk) :$c£1.95
=039  0\$a1925
=082  04$a823/.914$219
=100  1\$aDahl, Roald.$1http://viaf.org/viaf/108159131$4http://rdaregistry.info/Elements/w/object/P10061
=240  \\$aCharlie and the great glass elevator$1http://viaf.org/viaf/309279222
=245  10$aCharlie and the great glass elevator /$cRoald Dahl ; illustrated by Michael Foreman.
=260  \\$aHarmondsworth :$bPuffin,$c1975, c1973$g(1986 [printing])
=300  \\$a158p. ;$c2019cm.
=336  \\$atext$2rdacontent$0http://rdaregistry.info/termList/RDAContentType/1020
=337  \\$aunmediated$2rdamedia$0http://rdaregistry.info/termList/RDAMediaType/1007
=338  \\$avolume$2rdacarrier$0http://rdaregistry.info/termList/RDACarrierType/1049
=500  \\$aOriginally published: London : Allen and Unwin, 1973.
=700  1\$aForeman, Michael,$d1938-$1http://viaf.org/viaf/108575368$4http://rdaregistry.info/Elements/m/object/P30321

