=LDR  01099 am a2200241ua 4500
=001  010022162
=005  20091122132900.0
=008  850513s1984\\\\enka\\\j|\\\\\000\d|eng\\
=019  1\$a0047920149
=019  9\$a0047920149
=019  y\$ab8424280
=020  \\$a0047920149 :$c£5.95
=039  0\$a1840
=082  04$a812/.54$219
=100  1\$aGeorge, Richard R.$1http://viaf.org/viaf/65832772$4http://rdaregistry.info/Elements/w/object/P10061
=240  \\$aCharlie and the great glass elevator$1http://viaf.org/viaf/65832772/glasselevator
=245  10$aRoald Dahl's Charlie and the great glass elevator :$ba play /$cadapted by Richard R. George ; introduction by Roald Dahl.
=260  \\$aLondon :$bAllen & Unwin,$c1984.
=300  \\$a123p. :$bill. ;$c21cm.
=336  \\$atext$2rdacontent$0http://rdaregistry.info/termList/RDAContentType/1020
=337  \\$aunmediated$2rdamedia$0http://rdaregistry.info/termList/RDAMediaType/1007
=338  \\$avolume$2rdacarrier$0http://rdaregistry.info/termList/RDACarrierType/1049
=700  1\$aDahl, Roald.$tCharlie and the great glass elevator.$1http://viaf.org/viaf/309279222

