=LDR  01186 am a2200265 a 4500
=001  007682204
=003  Uk
=005  20171030142756.0
=008  750509r19751973enka\\\j\\\\\\000\1\eng\\
=019  9\$a0140307559
=019  y\$aB7511330
=020  \\$a0140307559 (pbk) :$c£0.35
=082  04$a823.91$218
=100  1\$aDahl, Roald.$1http://viaf.org/viaf/108159131$4http://rdaregistry.info/Elements/w/object/P10061
=240  \\$aCharlie and the great glass elevator$1http://viaf.org/viaf/309279222
=245  10$aCharlie and the great glass elevator /$cRoald Dahl ; illustrated by Faith Jaques.
=260  \\$aHarmondsworth :$bPuffin Books,$c1975.
=300  \\$a136 p. :$bill. ;$c20 cm.
=336  \\$atext$2rdacontent$0http://rdaregistry.info/termList/RDAContentType/1020
=337  \\$aunmediated$2rdamedia$0http://rdaregistry.info/termList/RDAMediaType/1007
=338  \\$avolume$2rdacarrier$0http://rdaregistry.info/termList/RDACarrierType/1049
=490  1\$aPuffin books
=500  \\$aOriginally published: New York : Knopf, 1972 ; London : Allen and Unwin, 1973.
=700  1\$aJaques, Faith.$1http://viaf.org/viaf/79317348$4http://rdaregistry.info/Elements/m/object/P30321
=830  \0$aPuffin books

